<record><leader>00000cas a22000007a 4500</leader><controlfield tag="001">17559280</controlfield><controlfield tag="008">880301d18751903ohuwr ne      0   a0eng d</controlfield><datafield ind1=" " ind2=" " tag="010"><subfield code="a">sn 88077272 </subfield></datafield><datafield ind1=" " ind2=" " tag="040"><subfield code="a">ONP</subfield><subfield code="b">eng</subfield><subfield code="c">ONP</subfield><subfield code="d">OCLCQ</subfield><subfield code="d">DLC</subfield><subfield code="d">OCLCF</subfield></datafield><datafield ind1="0" ind2=" " tag="022"><subfield code="a">2374-7102</subfield><subfield code="2">1</subfield></datafield><datafield ind1=" " ind2=" " tag="042"><subfield code="a">msc</subfield><subfield code="a">nsdp</subfield></datafield><datafield ind1=" " ind2=" " tag="043"><subfield code="a">n-us-oh</subfield></datafield><datafield ind1="0" ind2="0" tag="050"><subfield code="a">Newspaper</subfield></datafield><datafield ind1="0" ind2="0" tag="082"><subfield code="a">071</subfield><subfield code="2">23</subfield></datafield><datafield ind1="0" ind2=" " tag="130"><subfield code="a">Eaton Democrat (Eaton, Ohio : 1875)</subfield></datafield><datafield ind1=" " ind2="4" tag="222"><subfield code="a">The Eaton Democrat</subfield><subfield code="b">(Eaton, Ohio. 1875. Print)</subfield></datafield><datafield ind1="1" ind2="4" tag="245"><subfield code="a">The Eaton Democrat.</subfield></datafield><datafield ind1=" " ind2=" " tag="260"><subfield code="a">Eaton, Ohio :</subfield><subfield code="b">L.G. Gould,</subfield><subfield code="c">1875-</subfield></datafield><datafield ind1=" " ind2=" " tag="310"><subfield code="a">Weekly</subfield></datafield><datafield ind1="0" ind2=" " tag="362"><subfield code="a">Vol. 8, no. 24 (Apr. 22, 1875)- = Whole no. 41-</subfield></datafield><datafield ind1="1" ind2=" " tag="362"><subfield code="a">Ceased in 1903?</subfield></datafield><datafield ind1=" " ind2=" " tag="530"><subfield code="a">Archived issues are available in digital format from the Library of Congress Chronicling America online collection.</subfield></datafield><datafield ind1=" " ind2="0" tag="651"><subfield code="a">Eaton (Preble County, Ohio)</subfield><subfield code="v">Newspapers.</subfield></datafield><datafield ind1=" " ind2="7" tag="655"><subfield code="a">Newspapers.</subfield><subfield code="2">fast</subfield><subfield code="0">(OCoLC)fst01423814</subfield></datafield><datafield ind1=" " ind2="7" tag="651"><subfield code="a">Ohio</subfield><subfield code="z">Eaton (Preble County)</subfield><subfield code="2">fast</subfield><subfield code="0">(OCoLC)fst01313173</subfield></datafield><datafield ind1=" " ind2=" " tag="752"><subfield code="a">United States</subfield><subfield code="b">Ohio</subfield><subfield code="c">Preble</subfield><subfield code="d">Eaton.</subfield></datafield><datafield ind1="0" ind2="8" tag="776"><subfield code="i">Online version:</subfield><subfield code="t">Eaton Democrat (Eaton, Ohio : 1875 : Onine)</subfield><subfield code="x">2374-7110</subfield><subfield code="w">(DLC)  2014218487</subfield></datafield><datafield ind1="0" ind2="0" tag="780"><subfield code="t">Eaton weekly Democrat (Eaton, Ohio : 1866)</subfield><subfield code="w">(DLC)sn 85034457</subfield></datafield><datafield ind1="0" ind2="0" tag="785"><subfield code="t">Preble County Democrat (Eaton, Ohio : 1904)</subfield><subfield code="w">(DLC)sn 88077273</subfield></datafield><datafield ind1="4" ind2="1" tag="856"><subfield code="u">http://www.loc.gov/chroniclingamerica/lccn/sn88077272/issues</subfield></datafield></record>